@article{Adriaans:2006,
  author = {{Adriaans, P. and Jacobs, C.}},
  journal = {Grammatical Inference: Algorithms and Applications},
  pages = {293--306},
  title = {{Using MDL for Grammar Induction}},
  year = {2006}
}

@book{Aho:1986,
  author = {{Aho, A.V. and Sethi, R. and Ullman, J.D.}},
  title = {Compilers: principles, techniques, and tools},
  year = {1986},
  isbn = {0-201-10088-6},
  publisher = {Addison-Wesley Longman Publishing Co., Inc.},
  address = {Boston, MA, USA},
} 

@incollection{Alrajeh:2007,
  author = {{Alrajeh, D. and Ray, O. and Russo, A. and Uchitel, S.}},
  chapter = {Extracting Requirements from Scenarios with ILP},
  title = {Inductive Logic Programming},
  editor = {Muggleton, Stephen and Otero, Ramon and Tamaddoni-Nezhad, Alireza},
  year = {2007},
  isbn = {978-3-540-73846-6},
  pages = {64--78},
  numpages = {15},
  publisher = {Springer-Verlag},
  address = {Berlin, Heidelberg},
}

@techreport{Alpern:1986,
  author = {{Alpern, B. and Schneider, F.B.}},
  title = {Recognizing Safety and Liveness},
  year = {1986},
  publisher = {Cornell University},
  address = {Ithaca, NY, USA},
  pages = {86-727}
}

@inproceedings{Alur:1999,
  author = {{Alur, R. and Yannakakis, M.}},
  title = {Model Checking of Message Sequence Charts},
  booktitle = {Proceedings of the 10th International Conference on Concurrency Theory},
  series = {CONCUR '99},
  year = {1999},
  isbn = {3-540-66425-4},
  pages = {114--129},
  numpages = {16},
  publisher = {Springer-Verlag},
  address = {London, UK},
} 

@inproceedings{Alur:2000,
  author = {{Alur, R. and Etessami, K. and Yannakakis, M.}},
  title = {Inference of message sequence charts},
  booktitle = {Proceedings of the 22nd international conference on Software engineering},
  series = {ICSE '00},
  year = {2000},
  isbn = {1-58113-206-9},
  location = {Limerick, Ireland},
  pages = {304--313},
  numpages = {10},
  publisher = {ACM},
  address = {New York, NY, USA},
} 

@manual{Andrews:2003,
  author = {{Andrews, T. and Curbera, F. and Dholakia, H. and Goland, Y. and Klein, J.}},
  organization = {IBM},
  title = {{BPEL4WS, Business Process Execution Language for Web Services Version 1.1}},
  url = {http://download.boulder.ibm.com/ibmdl/pub/software/dw/specs/ws-bpel/ws-bpel.pdf},
  year = 2003,
}

@article{Angluin:1978,
  author = {{Angluin, D.}},
  title = {On the Complexity of Minimum Inference of Regular Sets},
  journal = {Information and Control},
  volume = {39}, 
  pages = {337-350},
  year = {1978}
}

@Article{Angluin:1987,
  author = {{Angluin, D.}},
  title = {Learning Regular Sets from Queries and Counterexamples},
  journal = {Information and Computation},
  year = {1987},
  volume = {75},
  number = {2},
  pages = {87-106},
}

@inproceedings{Asarin:1995,
  author = {{Asarin, E. and Maler, O. and Pnueli, A.}},
  title = {Symbolic Controller Synthesis for Discrete and Timed Systems},
  booktitle = {Hybrid Systems II},
  year = {1995},
  isbn = {3-540-60472-3},
  pages = {1--20},
  numpages = {20},
  publisher = {Springer-Verlag},
  address = {London, UK},
}

@article{Balzer:1985,
  author = {{Balzer, R.}},
  title = {A 15 Year Perspective on Automatic Programming},
  journal = {IEEE Trans. Softw. Eng.},
  volume = {11},
  issue = {11},
  month = {November},
  year = {1985},
  issn = {0098-5589},
  pages = {1257--1268},
  numpages = {12},
  publisher = {IEEE Press},
  address = {Piscataway, NJ, USA},
}

@article{Bongard:2005,
  author = {{Bongard, J. and Lipson, H. and Wrobel, S.}},
  title = {Active coevolutionary learning of deterministic finite automata},
  journal = {Journal of Machine Learning Research},
  year = {2005},
  volume = {6},
}

@inproceedings{Briand:2003,
  author = {{Briand, L.C. and Labiche, Y. and Miao, Y.}},
  title = {Towards the Reverse Engineering of UML Sequence Diagrams},
  booktitle = {Proceedings of the 10th Working Conference on Reverse Engineering},
  series = {WCRE '03},
  year = {2003},
  isbn = {0-7695-2027-8},
  pages = {57--},
  publisher = {IEEE Computer Society},
  address = {Washington, DC, USA},
}

@article{Bryant:1986,
  author = {{Bryant, R.E.}},
  title = {Graph-Based Algorithms for Boolean Function Manipulation},
  journal = {IEEE Trans. Comput.},
  issue_date = {August 1986},
  volume = {35},
  issue = {8},
  month = {August},
  year = {1986},
  issn = {0018-9340},
  pages = {677--691},
  numpages = {15},
  publisher = {IEEE Computer Society},
  address = {Washington, DC, USA},
}

@Article{Brooks:1987,
  author = {{Brooks, F.P.}},
  title = {No Silver Bullet: Essence and Accidents of Software Engineering},
  journal = {IEEE Computer},
  year = {1987},
  volume = {20},
  number = {4},
  pages = {10-19},
  month = {April},
}

ï»¿@article {Buhler:2005,
  author = {{Buhler, P.A. and Vidal, J.M.}},
  affiliation = {Department of Computer Science College of Charleston 66 George Street Charleston SC 29424 USA},
  title = {Towards Adaptive Workflow Enactment Using Multiagent Systems},
  journal = {Information Technology and Management},
  publisher = {Springer Netherlands},
  issn = {1385-951X},
  keyword = {Engineering},
  pages = {61-87},
  volume = {6},
  issue = {1},
  note = {10.1007/s10799-004-7775-2},
  year = {2005}
}

@inproceedings{Clarke:1981,
  author = {{Clarke, E.M. and Emerson, E.A.}},
  title = {Design and Synthesis of Synchronization Skeletons Using Branching-Time Temporal Logic},
  booktitle = {Logic of Programs, Workshop},
  year = {1982},
  isbn = {3-540-11212-X},
  pages = {52--71},
  numpages = {20},
  acmid = {747438},
  publisher = {Springer-Verlag},
  address = {London, UK},
}

@article{Clarke:1986,
  author = {{Clarke, E.M. and Emerson, E.A. and Sistla, A.P.}},
  title = {Automatic verification of finite-state concurrent systems using temporal logic specifications},
  journal = {ACM Trans. Program. Lang. Syst.},
  volume = {8},
  issue = {2},
  month = {April},
  year = {1986},
  issn = {0164-0925},
  pages = {244--263},
  numpages = {20},
  publisher = {ACM},
  address = {New York, NY, USA},
}

@inproceedings{Clarke:1989,
  author = {{Clarke, E. and Long, D. and McMillan, K.}},
  title = {Compositional model checking},
  booktitle = {Proceedings of the Fourth Annual Symposium on Logic in computer science},
  year = {1989},
  isbn = {0-8186-1954-6},
  location = {Pacific Grove, California, United States},
  pages = {353--362},
  numpages = {10},
  publisher = {IEEE Press},
  address = {Piscataway, NJ, USA},
} 

@inproceedings{Clarke:2008,
  author = {{Clarke, L.A. and Avrunin, G.S. and Osterweil, L.J.}},
  title = {Using software engineering technology to improve the quality of medical processes},
  booktitle = {International Conference on Software Engineering},
  year = {2008},
  pages = {889--898},
}

@INPROCEEDINGS{Combefis:2011,
  author = {{Combefis, S. and Giannakopoulou, D. and Pecheur, C. and Feary, M.}},
  title = {A Formal Framework for Design and Analysis of Human-Machine Interaction},
  year = {2011},
  booktitle = {2011 IEEE International Conference on Systems, Man, and Cybernetics},
  publisher = {IEEE},
}

@INPROCEEDINGS{Coste:1997,
  author = {{Coste, F. and Nicolas, J.}},
  title = {Regular Inference as a graph coloring problem},
  booktitle = {In Workshop on Grammar Inference, Automata Induction, and Language Acquisition (ICML' 97},
  year = {1997},
  pages = {9--7}
}

@INPROCEEDINGS{Coste:1998,
  author = {{Coste, F. and Nicolas, J.}},
  title = {How considering incompatible state mergings may reduce the {DFA} induction search tree},
  booktitle = {Grammatical Inference, ICGI'98},
  number = {1433},
  publisher = {Springer Verlag},
  address = {Ames, Iowa},
  series = {Lecture Notes in Artificial Intelligence},
  pages = {199-210}, 
  year = {1998}
}

@inproceedings{Coste:2004,
  author    = {{Coste, F. and Fredouille, D. and Kermorvant, C. and de la Higuera, C.}},
  title     = {Introducing domain and typing bias in automata inference},
  pages     = {115--126},
  booktitle = {Grammatical Inference: Algorithms and Applications},
  number =    {3264},
  series =    {Lecture Notes in Artificial Intelligence},
  publisher = {Springer Verlag},
  address = {Athens, Greece},
  year =    {2004}
}

@Article{Damas:2005,
  author = {{Damas, C. and Lambeau, B. and Dupont, P. and van Lamsweerde, A. }},
  title =    {Generating Annotated Behavior Models from End-User Scenarios},
  journal =    {IEEE Transactions on Software Engineering},
  year =    {2005},
  volume =    {31},
  number =    {12},
  pages =    {1056-1073},
}

@InProceedings{Damas:2006,
  author =    {{Damas, C. and Lambeau, B. and van Lamsweerde, A.}},
  title =    {Scenarios, Goals, and State Machines: a Win-Win Partnership for Model Synthesis},
  booktitle =   {International ACM Symposium on the Foundations of Software Engineering},
  pages =   {197-207},
  year =   {2006},
  address =   {Portland, Oregon},
  month =   {November},
}

@InProceedings{Damas:2009,
  author =    {{Damas, C. and Lambeau, B. and Roucoux, F. and van Lamsweerde, A.}},
  title = {Analyzing Critical Process Models through Behavior Model Synthesis},
  booktitle = {ICSE'09: 31th International Conference on Software Engineering},
  year =   {2009},
  address =   {Vancouver, Canada},
  month =   {May}
}

@techreport{Damas:2010,
  author = {{Damas, C. and Lambeau, B. and Roucoux, F. and van Lamsweerde, A.}},
  title = {Abstractions for Analyzing Decision-based Process Models},
  institution = {Computing Science Department, Universit\'e catholique de Louvain},
  month = {May},
  year = {2010}
}

@phdthesis{Damas:2011,
  author = {{Damas, C.}},
  title = {Analyzing Multi-View Models of Software Systems},
  year = {2011},
  school = {Universit\'e catholique de Louvain},
  address = {Louvain-la-Neuve}
}

@article{Damm:2001,
  author = {{Damm, W. and Harel, D.}},
  title = {LSCs: Breathing Life into Message Sequence Charts},
  journal = {Form. Methods Syst. Des.},
  volume = {19},
  issue = {1},
  month = {July},
  year = {2001},
  issn = {0925-9856},
  pages = {45--80},
  numpages = {36},
  publisher = {Kluwer Academic Publishers},
  address = {Hingham, MA, USA},
}

@book{Date:1997,
  author = {{Date, C.J. and Darwen, H.}},
  edition = {4th edition},
  interhash = {54f2bc90d22a40298624fd35dd374a72},
  intrahash = {c0dd3a5c943bc5db2b33538c475abbcc},
  publisher = {Addison-Wesley},
  title = {A Guide to SQL Standard},
  year = 1997,
  keywords = {SQL standard},
  isbn = {0-201-96426-0},
}

@book{Date:2003,
 author = {{Date, C.J.}},
 title = {An Introduction to Database Systems},
 year = {2003},
 isbn = {0321197844},
 edition = {8},
 publisher = {Addison-Wesley Longman Publishing Co., Inc.},
 address = {Boston, MA, USA},
}

@book{Dumas:2005,
  address = {{Hoboken, N.J.}},
  editor = {Marlon Dumas and Wil M. {van der Aalst} and Arthur H. {ter Hofstede}},
  publisher = {{Wiley-Interscience}},
  title = {{Process-Aware Information Systems : Bridging People and Software through Process Technology}},
  year = 2005,
  isbn = {9780471663065},
}

@inproceedings{Dupont:1994,
  author = {{Dupont, P. and Miclet, L. and Vidal, E.}}, 
  title = {What is the Search Space of the Regular Inference~?}, 
  booktitle = {Grammatical Inference and Applications, ICGI'94},
  number = {862},
  address = {Alicante, Spain}, 
  publisher = {Springer Verlag},
  series = {Lecture Notes in Artificial Intelligence},
  pages = {25-37}, 
  year = {1994}
}

@inproceedings{Dupont:1996b,
  author = {{Dupont, P.}}, 
  title = {Incremental Regular Inference}, 
  booktitle = {Grammatical Inference : Learning Syntax from Sentences, ICGI'96},
  number = {1147},
  publisher = {Springer Verlag},
  series = {Lecture Notes in Artificial Intelligence},
  pages = {222-237}, 
  year = {1996}
}

@phdthesis{Dupont:1996,
  author = {{Dupont, P.}},
  title = {Utilisation et Apprentissage de Mod\`{e}les de Langage pour la Reconnaissance de la Parole Continue},
  school = {Ecole Nationale Sup\'erieure des T\'el\'ecommunications}, 
  type = {Th\`ese de {D}octorat},
  address = {Paris, France},
  year = {1996}
}

@article{Dupont:2008,
  author = {{Dupont, P. and Lambeau, B. and Damas, C. and van Lamsweerde, A.}},
  title = {The {QSM} Algorithm and its Application to Software Behavior Model Induction}, 
  journal = {Applied Artificial Intelligence},
  volume = {22}, 
  pages = {77-115}, 
  year = {2008}
}

@book{Eisenberg:2002,
 author = {{Eisenberg, J.D.}},
 title = {SVG Essentials},
 year = {2002},
 isbn = {0596002238},
 edition = {1},
 publisher = {O'Reilly \& Associates, Inc.},
 address = {Sebastopol, CA, USA},
}

@article{Engelfriet:1985,
  author    = {{Engelfriet J.}},
  title     = {Determinacy -> (Observation Equivalence = Trace Equivalence)},
  journal   = {Theor. Comput. Sci.},
  volume    = {36},
  year      = {1985},
  pages     = {21-25},
  bibsource = {DBLP, http://dblp.uni-trier.de}
}

@article{Eshuis:2006,
  author = {{Eshuis, R.}},
  title = {Symbolic model checking of UML activity diagrams},
  journal = {ACM Trans. Softw. Eng. Methodol.},
  volume = {15},
  issue = {1},
  month = {January},
  year = {2006},
  issn = {1049-331X},
  pages = {1--38},
  numpages = {38},
  publisher = {ACM},
  address = {New York, NY, USA},
} 

@article{Feather:1987,
  author = {{Feather, M.S.}},
  title = {Language support for the specification and development of composite systems},
  journal = {ACM Trans. Program. Lang. Syst.},
  volume = {9},
  issue = {2},
  month = {March},
  year = {1987},
  issn = {0164-0925},
  pages = {198--234},
  numpages = {37},
  publisher = {ACM},
  address = {New York, NY, USA},
}

@inproceedings{Fernandez:1991,
  author = {{Fernandez, J.C. and Mournier, L.}},
  title = {A Tool Set for deciding Behavioral Equivalences},
  booktitle = {Proceedings of the 2nd International Conference on Concurrency Theory},
  series = {CONCUR '91},
  year = {1991},
  isbn = {3-540-54430-5},
  pages = {23--42},
  numpages = {20},
  publisher = {Springer-Verlag},
  address = {London, UK},
} 

@article{Feather:1997,
  author = {{Feather, M.S. and Fickas, S. and Finkelstein, A. and van Lamsweerde, A.}},
  title = {Requirements and Specification Exemplars},
  journal = {Automated Software Engineering},
  volume = {4},
  year = {1997},
  pages = {419--438},
}

@article{Finkelstein:1992,
  author = {{Finkelstein, A. and Kramer, J. and Nuseibeh, B. and Finkelstein, L. and Goedicke, M.}},
  booktitle = {International Journal of Software Engineering and Knowledge Engineering},
  pages = {31-57+},
  title = {{Viewpoints: A Framework for Integrating Multiple Perspectives in System Development}},
  volume = {2},
  year = {1992}
}

@book{Fowler:2010,
  author = {{Martin, F.}},
  title = {Domain Specific Languages},
  year = {2010},
  isbn = {0321712943, 9780321712943},
  edition = {1st},
  publisher = {Addison-Wesley Professional},
} 

@book{Gamma:2003,
  author = {{Gamma, E. and Beck, K.}},
  title = {Contributing to Eclipse: Principles, Patterns, and Plugins},
  year = {2003},
  isbn = {0321205758},
  publisher = {Addison Wesley Longman Publishing Co., Inc.},
  address = {Redwood City, CA, USA},
} 

@inproceedings{Garcia:2010,
  author = {{Garc\'{\i}a, P. and de Parga, M.V. and L\'{o}pez, D. and Ruiz, J.}},
  title = {Learning automata teams},
  booktitle = {Proceedings of the 10th international colloquium conference on Grammatical inference: theoretical results and applications},
  series = {ICGI'10},
  year = {2010},
  isbn = {3-642-15487-5, 978-3-642-15487-4},
  location = {Valencia, Spain},
  pages = {52--65},
  numpages = {14},
  publisher = {Springer-Verlag},
  address = {Berlin, Heidelberg},
}

@phdthesis{Giannakopoulou:1999,
  author = {{Giannakopoulou, D.}},
  title = {Model Checking for Concurrent Software Architectures},
  year = {1999},
  masid = {271726},
  school = "Imperial College London",
  address = "London"
}

@inproceedings{Giannakopoulou:2002,
  author = {{Giannakopoulou, D. and Lerda, F.}},
  title = {From States to Transitions: Improving Translation of LTL Formulae to B\"uchi Automata},
  booktitle = {Proceedings of the 22nd IFIP WG 6.1 International Conference Houston on Formal Techniques for Networked and Distributed Systems},
  series = {FORTE '02},
  year = {2002},
  isbn = {3-540-00141-7},
  pages = {308--326},
  numpages = {19},
  publisher = {Springer-Verlag},
  address = {London, UK, UK},
}

@inproceedings{Giannakopoulou:2003,
  author = {{Giannakopoulou, D. and Magee, J.}},
  title = {Fluent model checking for event-based systems},
  booktitle = {ESEC/FSE-11: Proceedings of the 9th European software engineering conference held jointly with 11th ACM SIGSOFT international symposium on Foundations of software engineering},
  year = {2003},
  isbn = {1-58113-743-5},
  pages = {257--266},
  location = {Helsinki, Finland},
  publisher = {ACM},
  address = {New York, NY, USA},
}

@article{Gold:1967,
  author = {{Gold, E.M.}}, 
  title = {Language Identification in the Limit}, 
  journal = {Information and Control}, 
  volume = {10}, 
  number = {5}, 
  pages = {447-474}, 
  year = {1967}
}

@article{Gold:1978,
  author = {{Gold, E.M.}}, 
  title = {Complexity of Automaton Identification from Given Data}, 
  journal = {Information and Control}, 
  volume = {37}, 
  pages = {302-320}, 
  year = {1978}
}

@Misc{Gowachin,
  title = {Gowachin},
  key = {Gowachin},
  howpublished = {http://www.irisa.fr/Gowachin/},
}

ï»¿@incollection {Grando:2009,
   author = {{Grando, M.A. and Glasspool, D.W. and Fox, J.}},
   affiliation = {School of Informatics, University of Edinburgh, Edinburgh, UK},
   title = {Petri Nets as a Formalism for Comparing Expressiveness of Workflow-Based Clinical Guideline Languages},
   booktitle = {Business Process Management Workshops},
   series = {Lecture Notes in Business Information Processing},
   editor = {Aalst, Wil and Mylopoulos, John and Rosemann, Michael and Shaw, Michael J. and Szyperski, Clemens and Ardagna, Danilo and Mecella, Massimo and Yang, Jian},
   publisher = {Springer Berlin Heidelberg},
   isbn = {978-3-642-00328-8},
   pages = {348-360},
   volume = {17},
   year = {2009}
}

@article{Hall:2004,
  author = {{Hall, R.J. and Zisman, A.}},
  title = {OMML: A Behavioural Model Interchange Format},
  journal ={Requirements Engineering, IEEE International Conference on},
  volume = {0},
  issn = {1090-705X},
  year = {2004},
  pages = {272-282},
  publisher = {IEEE Computer Society},
  address = {Los Alamitos, CA, USA},
}

@article{Harel:2003,
  author = {{Harel, D. and Marelly, R.}},
  booktitle = {Software and Systems Modeling},
  citeulike-article-id = {8801770},
  citeulike-linkout-0 = {http://dx.doi.org/10.1007/s10270-002-0015-5},
  doi = {10.1007/s10270-002-0015-5},
  pages = {82-107+},
  posted-at = {2011-02-10 19:33:09},
  priority = {2},
  title = {{Specifying and executing behavioral requirements: the play-in/play-out approach}},
  volume = {2},
  year = {2003}
}

@book{Harel:2003b,
  author = {{Harel, D. and Marelly, R.}},
  title={Come, let's play: scenario-based programming using LSCs and the play-engine},
  number={v. 1},
  isbn={9783540007876},
  year={2003},
  publisher={Springer}
}

@inproceedings{Harel:2005,
  author = {{Harel, D. and Kugler, H. and Pnueli, A.}},
  booktitle = {Formal Methods in Software and Systems Modeling: Essays Dedicated to Hartmut Ehrig on the Occasion of His 60th Birthday},
  keywords = {requirements, scenarios, statecharts},
  organization = {Department of Computer Science and Applied Mathematics, The Weizmann Institute of Science, Rehovot, Israel},
  pages = {309--324},
  publisher = {Springer},
  title = {{Synthesis Revisited: Generating Statechart Models from Scenario-Based Requirements}},
  year = {2005}
}

@inproceedings{Henriksen:2000,
  author = {{Henriksen, J.G. and Mukund, M. and Kumar, K.N. and Thiagarajan, P.S.}},
  title = {On Message Sequence Graphs and Finitely Generated Regular MSC Languages},
  booktitle = {Proceedings of the 27th International Colloquium on Automata, Languages and Programming},
  series = {ICALP '00},
  year = {2000},
  isbn = {3-540-67715-1},
  pages = {675--686},
  numpages = {12},
  publisher = {Springer-Verlag},
  address = {London, UK},
} 

@book{Hoare:1985,
  author = {{Hoare, C.A.R.}},
  day = {01},
  howpublished = {Hardcover},
  isbn = {0131532715},
  month = apr,
  publisher = {Prentice Hall},
  title = {{Communicating Sequential Processes (Prentice Hall International Series in Computing Science)}},
  year = {1985}
}

@article{Holzmann:1997,
  author = {{Holzmann, G.J.}},
  title = {The Model Checker SPIN},
  journal = {IEEE Transactions on Software Engineering},
  volume = {23},
  year = {1997},
  pages = {279--295},
}

@inproceedings{Heule:2010,
  author = {{Heule, M.J.H. and Verwer, S.}},
  title = {Exact DFA identification using SAT solvers},
  booktitle = {Proceedings of the 10th international colloquium conference on Grammatical inference: theoretical results and applications},
  series = {ICGI'10},
  year = {2010},
  isbn = {3-642-15487-5, 978-3-642-15487-4},
  location = {Valencia, Spain},
  pages = {66--79},
  numpages = {14},
  publisher = {Springer-Verlag},
  address = {Berlin, Heidelberg},
} 

@book{Hopcroft:1979,
  author = {{Hopcroft, J.E. and Ullman, J.D.}},
  title = {Introduction to Automata Theory, Languages and Computation},
  publisher = {Addison Wesley},
  address = {Reading, Massachusetts},
  year = {1979}
}

@article{ITU:1996,
  author = {{ITU}},
  title = {Message Sequence Charts, Recommandation Z.120},
  journal = {International Telecom Union, Telecommunication Standardization Sector},
  year = {1996}
}

@inproceedings{Jackson:1995,
  author = {{Jackson, M.}},
  title = {The world and the machine},
  booktitle = {Proceedings of the 17th international conference on Software engineering},
  series = {ICSE '95},
  year = {1995},
  isbn = {0-89791-708-1},
  location = {Seattle, Washington, United States},
  pages = {283--292},
  numpages = {10},
  publisher = {ACM},
  address = {New York, NY, USA},
}

@Book{Joseph:1996,
  author = {{Joseph, M.}},
  title  = {Real-Time Systems: Specification, Verification and Analysis},
  year   = {1996},
  publisher = {Prentice-Hall}
}

@inproceedings{Karamanolis:2000,
  author = {{Karamanolis, C.T. and Giannakopoulou, D. and Magee, J. and Wheater, S.M.}},
  title = {Model Checking of Workflow Schemas},
  booktitle = {Proceedings of the 4th International conference on Enterprise Distributed Object Computing},
  series = {EDOC '00},
  year = {2000},
  isbn = {0-7695-0865-0},
  pages = {170--181},
  numpages = {12},
  publisher = {IEEE Computer Society},
  address = {Washington, DC, USA},
} 

@article{Keller:1976,
  author = {{Keller, R.M.}},
  title = {Formal verification of parallel programs},
  journal = {Communications of the ACM},
  volume = {19},
  issue = {7},
  month = {July},
  year = {1976},
  issn = {0001-0782},
  pages = {371--384},
  numpages = {14},
  publisher = {ACM},
  address = {New York, NY, USA},
} 

@inproceedings{Kohler:2000,
  author = {{Kohler, H.J. and Nickel, U. and Niere, J. and Zundorf, A.}},
  title = {Integrating UML diagrams for production control systems},
  booktitle = {Proceedings of the 22nd international conference on Software engineering},
  series = {ICSE '00},
  year = {2000},
  isbn = {1-58113-206-9},
  location = {Limerick, Ireland},
  pages = {241--251},
  numpages = {11},
  publisher = {ACM},
  address = {New York, NY, USA},
}

@phdthesis {Kruger:2000,
  author = {{Kruger, I.H.}},
  title = "Distributed System Design with Message Sequence Charts",
  year = 2000,
  type = "Dissertation",
  school = "Technische UniversitÃ¤t MÃ¼nchen",
  address = "MÃ¼nchen"
}

@inproceedings{Lambeau:2008,
  author = {{Lambeau, B. and Damas, C. and Dupont, P.}},
  title = {State-Merging DFA Induction Algorithms with Mandatory Merge Constraints},
  booktitle = {ICGI '08: Proceedings of the 9th international colloquium on Grammatical Inference},
  year = {2008},
  isbn = {978-3-540-88008-0},
  pages = {139--153},
  location = {Saint-Malo, France},
  publisher = {Springer-Verlag},
  address = {Berlin, Heidelberg},
}

@article{Lamport:1994,
  author = {{Lamport, L.}},
  title = {The temporal logic of actions},
  journal = {ACM Trans. Program. Lang. Syst.},
  volume = {16},
  issue = {3},
  month = {May},
  year = {1994},
  issn = {0164-0925},
  pages = {872--923},
  numpages = {52},
  publisher = {ACM},
  address = {New York, NY, USA},
} 

@inproceedings{Lang:1992,
  author = {{Lang, K.J.}},
  title = {Random DFA's can be approximately learned from sparse uniform examples},
  booktitle = {Proceedings of the fifth annual workshop on Computational learning theory},
  series = {COLT '92},
  year = {1992},
  isbn = {0-89791-497-X},
  location = {Pittsburgh, Pennsylvania, United States},
  pages = {45--52},
  numpages = {8},
  publisher = {ACM},
  address = {New York, NY, USA},
}

@InProceedings{Lang:1998,
  author = {{Lang, K.J. and Pearlmutter, B.A. and Price, R.A.}},
  title = {Results of the Abbadingo One {DFA} Learning Competition and a New Evidence-Driven State Merging Algorithm},
  booktitle =    {Grammatical Inference},
  number =    {1433},
  series =    {Lecture Notes in Artificial Intelligence},
  year =    {1998},
  publisher =    {Springer-Verlag},
  address =    {Ames, Iowa},
  pages =    {1-12}
}

@InProceedings{Larsen:1988,
  author = {{Larsen, K.G. and Thomsen, B.}},
  title =    {A modal process logic},
  booktitle =  {Proceedings of the Third Annual IEEE Symposium on Logic in Computer Science (LICS 1988)},
  year =   {1988},
  month =   {July}, 
  pages =      {203--210},
  location =   {Edinburgh, Scotland, UK}, 
  publisher =   {IEEE Computer Society Press}
}

@article{Lerner:2004,
  author = {{Lerner, B.S.}},
  title = {Verifying process models built using parameterized state machines},
  journal = {SIGSOFT Softw. Eng. Notes},
  volume = {29},
  issue = {4},
  month = {July},
  year = {2004},
  issn = {0163-5948},
  pages = {274--284},
  numpages = {11},
  publisher = {ACM},
  address = {New York, NY, USA},
}

@inproceedings{Letier:2002,
  author = {{Letier, E. and van Lamsweerde, A.}},
  title = {Agent-based tactics for goal-oriented requirements elaboration},
  booktitle = {Proceedings of the 24th International Conference on Software Engineering},
  series = {ICSE '02},
  year = {2002},
  isbn = {1-58113-472-X},
  location = {Orlando, Florida},
  pages = {83--93},
  numpages = {11},
  publisher = {ACM},
  address = {New York, NY, USA},
} 

@article{Letier:2005,
  author = {{Letier, E. and Kramer, J. and Magee, J. and Uchitel, S.}},
  title = {Fluent temporal logic for discrete-time event-based models},
  journal = {SIGSOFT Softw. Eng. Notes},
  volume = {30},
  issue = {5},
  month = {September},
  year = {2005},
  issn = {0163-5948},
  pages = {70--79},
  numpages = {10},
  publisher = {ACM},
  address = {New York, NY, USA},
}

@inproceedings{Letier:2005b,
  author = {{Letier, E. and Kramer, J. and Magee, J. and Uchitel, S.}},
  title = {Monitoring and control in scenario-based requirements analysis},
  booktitle = {Proceedings of the 27th international conference on Software engineering},
  series = {ICSE '05},
  year = {2005},
  isbn = {1-58113-963-2},
  location = {St. Louis, MO, USA},
  pages = {382--391},
  numpages = {10},
  publisher = {ACM},
  address = {New York, NY, USA},
}

@article{Letier:2008,
  author = {{Letier, E. and Kramer, J. and Magee, J. and Uchitel, S.}},
  title = {Deriving event-based transition systems from goal-oriented requirements models},
  journal = {Automated Software Engg.},
  volume = {15},
  issue = {2},
  month = {June},
  year = {2008},
  issn = {0928-8910},
  pages = {175--206},
  numpages = {32},
  publisher = {Kluwer Academic Publishers},
  address = {Hingham, MA, USA},
} 

@article{Leskovec2007,
  author = {{Leskovec, J. and Kleinberg, J. and Faloutsos, C.}},
  address = {New York, NY, USA},
  journal = {ACM Trans. Knowl. Discov. Data},
  number = 1,
  pages = 2,
  publisher = {ACM},
  title = {Graph evolution: Densification and shrinking diameters},
  volume = 1,
  year = 2007,
  issn = {1556-4681},
  description = {Graph evolution},
}

@inproceedings{Liang:2006,
  author = {{Liang, H. and Dingel, J. and Diskin, Z.}},
  title = {A comparative survey of scenario-based to state-based model synthesis approaches},
  booktitle = {Proceedings of the 2006 international workshop on Scenarios and state machines: models, algorithms, and tools},
  series = {SCESM '06},
  year = {2006},
  isbn = {1-59593-394-8},
  location = {Shanghai, China},
  pages = {5--12},
  numpages = {8},
  publisher = {ACM},
  address = {New York, NY, USA},
}

@inproceedings{Lo:2009,
  author    = {{Lo, D. and Hong, C. and Jiawei, H. and Siau-Cheng, K. and Chengnian, S.}},
  title     = {Classification of software behaviors for failure detection: a discriminative pattern mining approach},
  booktitle = {KDD},
  year      = {2009},
  pages     = {557-566},
}

@inproceedings{Lucas:2003,
  author    = {{Lucas, S.M. and Reynolds, T.J.}},
  title     = {Learning DFA: evolution versus evidence driven state merging},
  booktitle = {IEEE Congress on Evolutionary Computation (1)},
  year      = {2003},
  pages     = {351-358},
  ee        = {http://dx.doi.org/10.1109/CEC.2003.1299597},
  bibsource = {DBLP, http://dblp.uni-trier.de}
}

@article{Lucas:2005,
  author    = {{Lucas, S.M. and Reynolds, T.J.}},
  title = {Learning Deterministic Finite Automata with a Smart State Labeling Evolutionary Algorithm},
  journal = {IEEE Transactions on Pattern Analysis and Machine Intelligence},
  volume = {27},
  issn = {0162-8828},
  year = {2005},
  pages = {1063-1074},
  doi = {http://doi.ieeecomputersociety.org/10.1109/TPAMI.2005.143},
  publisher = {IEEE Computer Society},
  address = {Los Alamitos, CA, USA},
}

@inproceedings{Lynch:1987,
  author = {{Lynch, N.A. and Tuttle, M.R.}},
  title = {Hierarchical correctness proofs for distributed algorithms},
  booktitle = {Proceedings of the sixth annual ACM Symposium on Principles of distributed computing},
  series = {PODC '87},
  year = {1987},
  isbn = {0-89791-239-X},
  location = {Vancouver, British Columbia, Canada},
  pages = {137--151},
  numpages = {15},
  publisher = {ACM},
  address = {New York, NY, USA},
} 

@inproceedings{Magee:1995,
  author = {{Magee, J. and Dulay, N. and Eisenbach, S. and Kramer, J.}},
  title = {Specifying Distributed Software Architectures},
  booktitle = {Proceedings of the 5th European Software Engineering Conference},
  year = {1995},
  isbn = {3-540-60406-5},
  pages = {137--153},
  numpages = {17},
  publisher = {Springer-Verlag},
  address = {London, UK},
}

@inproceedings{Magee:1997,
 author = {{Magee, J. and Kramer, J. and Giannakopoulou, D.}},
 title = {Analysing the behaviour of distributed software architectures: a case study},
 booktitle = {Proceedings of the 6th IEEE Workshop on Future Trends of Distributed Computing Systems},
 series = {FTDCS '97},
 year = {1997},
 isbn = {0-8186-8153-5},
 pages = {240--},
 publisher = {IEEE Computer Society},
 address = {Washington, DC, USA},
}

@Book{Magee:1999,
  author = {{Magee, J. and Kramer, J.}},
  title = {Concurrency: State Models and Java Programs},
  publisher = {Wiley},
  year = {1999},
}

@inproceedings{Makinen:2001,
  author =    {{Makinen, M. and Syst\"a, T.}},
  title =    {{MAS} -- An Interactive Synthetiser to Support Behavorial Modeling in {UML}},
  booktitle =    {27th International Conference on Software Engineering},
  year =    {2001},
}

@article{Manna:1971,
  author = {{Manna, Z. and Waldinger, R.J.}},
  title = {Toward automatic program synthesis},
  journal = {Commun. ACM},
  issue_date = {March 1971},
  volume = {14},
  issue = {3},
  month = {March},
  year = {1971},
  issn = {0001-0782},
  pages = {151--165},
  numpages = {15},
  publisher = {ACM},
  address = {New York, NY, USA},
} 

@book{Manna:1992,
 author = {{Manna, Z. and Pnueli, A.}},
 title = {The temporal logic of reactive and concurrent systems},
 year = {1992},
 isbn = {0-387-97664-7},
 publisher = {Springer-Verlag New York, Inc.},
 address = {New York, NY, USA},
}

@inproceedings{Manolescu:2002,
  author = {{Manolescu, D.A.}},
  title = {Workflow enactment with continuation and future objects},
  booktitle = {Proceedings of the 17th ACM SIGPLAN conference on Object-oriented programming, systems, languages, and applications},
  series = {OOPSLA '02},
  year = {2002},
  isbn = {1-58113-471-1},
  location = {Seattle, Washington, USA},
  pages = {40--51},
  numpages = {12},
  publisher = {ACM},
  address = {New York, NY, USA},
}

@book{Middleton:2000,
  author={{Middleton, S. and Roberts, A.}},
  title={Integrated care pathways: a practical approach to implementation},
  isbn={9780750640879},
  lccn={2001268857},
  year={2000},
  publisher={Butterworth-Heinemann}
}

@inproceedings{Muehlen:2000,
 author = {{Muehlen, M. and Rosemann, M.}},
 title = {Workflow-Based Process Monitoring and Controlling \&\#190; Technical and Organizational Issues},
 booktitle = {Proceedings of the 33rd Hawaii International Conference on System Sciences-Volume 6 - Volume 6},
 series = {HICSS '00},
 year = {2000},
 isbn = {0-7695-0493-0},
 pages = {6032--},
 publisher = {IEEE Computer Society},
 address = {Washington, DC, USA},
} 


@inproceedings{Miller:2002,
  author = {{Miller, R. and Shanahan, M.}},
  title = {Some alternative formulations of the event calculus},
  booktitle = {Computer Science; Computational Logic; Logic programming and Beyond},
  year = {2002},
  pages = {452--490},
  publisher = {Springer}
}

@book{Milner:1989,
  author = {{Milner, R.}},
  title = {Communication and concurrency},
  year = {1989},
  isbn = {0-13-115007-3},
  publisher = {Prentice-Hall, Inc.},
  address = {Upper Saddle River, NJ, USA},
}

@techreport{Mitchell:1980,
  author = {{Mitchell, T.M.}},
  title = {{The Need for Biases in Learning Generalizations}},
  institution = {Rutgers Computer Science Department},
  month = may,
  pages = {184--191},
  year = {1980}
}

@article{Mylopoulos:1992,
  author = {{Mylopoulos, J. and Chung, L. and Nixon, B.}},
  title = {Representing and Using Nonfunctional Requirements: A Process-Oriented Approach},
  journal = {IEEE Trans. Softw. Eng.},
  volume = {18},
  issue = {6},
  month = {June},
  year = {1992},
  issn = {0098-5589},
  pages = {483--497},
  numpages = {15},
  publisher = {IEEE Press},
  address = {Piscataway, NJ, USA},
}

@techreport{OMG:2004,
  author = {{Object Management Group}},
  institution = {Object Management Group},
  number = {Version 2 },
  title = {The UML 2.0 Superstructure Specification},
  type = {Specification},
  year = 2004,
}

@techreport{OMG:2008,
  author = {{Object Management Group}},
  institution = {Object Management Group},
  organization = {Object Management Group},
  title = {{Business Process Modeling Notation, v1.1}},
  year = {2008}
}

@incollection{Oncina:1992,
  author = {{Oncina, J. and Garc{\'{\i}}a, P.}}, 
  title = {Inferring Regular Languages in Polynomial Update Time}, 
  booktitle = {Pattern Recognition and Image Analysis}, 
  editor = {N. {P{\'e}rez de la Blanca} and A. Sanfeliu and E.Vidal}, 
  series = {Series in Machine Perception and Artificial Intelligence},
  volume = {1}, 
  pages = {49-61}, 
  publisher = {World Scientific}, 
  address = {Singapore},
  year = {1992}
}

@incollection{Oncina:1992b,
  author = {{Oncina, J. and Garc{\'{\i}}a, P.}}, 
  title = {Identifying Regular Languages in Polynomial Time}, 
  booktitle = {Advances in Structural and Syntactic Pattern Recognition},
  editor = {H. Bunke}, 
  series = {Series in Machine Perception and Artificial Intelligence}, 
  volume = {5}, 
  pages = {99-108}, 
  publisher = {World Scientific}, 
  year = {1992}
}

@article{Oncina:1993,
  author = {{Oncina, J. and Garc{\'{\i}}a, P. and Vidal E.}}, 
  title = {Learning Subsequential Transducers for Pattern Recognition Interpretation Tasks},
  journal = {IEEE Transactions on Pattern Analysis and Machine
      Intelligence},
  volume = {15},
  number = {5},
  pages = {448-458},
  year = {1993}
}

@inproceedings{Oncina:1996,
  author = {{Oncina, J. and Var\'o, M.A.}},
  title = {Using domain information during the learning of a subsequential transducer},  
  booktitle = {Grammatical Inference : Learning Syntax from Sentences, ICGI'96},
  number = {1147},
  publisher = {Springer Verlag},
  series = {Lecture Notes in Artificial Intelligence},
  pages = {301-312}, 
  year = {1996}
}

@inproceedings{Park:1981,
  author = {{Park, D.}},
  title = {Concurrency and Automata on Infinite Sequences},
  booktitle = {Proceedings of the 5th GI-Conference on Theoretical Computer Science},
  year = {1981},
  isbn = {3-540-10576-X},
  pages = {167--183},
  numpages = {17},
  publisher = {Springer-Verlag},
  address = {London, UK},
}

@book{Pilgrim:2011,
  author = {{Pilgrim, M.}},
  pages = {I-XII, 1-205},
  publisher = {O'Reilly},
  title = {HTML5 - Up and Running: Dive Into the Future of Web Development.},
  year = 2010,
  isbn = {978-0-596-80602-6},
}

@inproceedings{Pnueli:1989,
 author = {{Pnueli, A. and Rosner, R.}},
 title = {On the synthesis of a reactive module},
 booktitle = {Proceedings of the 16th ACM SIGPLAN-SIGACT symposium on Principles of programming languages},
 series = {POPL '89},
 year = {1989},
 isbn = {0-89791-294-2},
 location = {Austin, Texas, United States},
 pages = {179--190},
 numpages = {12},
 url = {http://doi.acm.org/10.1145/75277.75293},
 doi = {http://doi.acm.org/10.1145/75277.75293},
 acmid = {75293},
 publisher = {ACM},
 address = {New York, NY, USA},
}

@inproceedings{Queille:1982,
 author = {{Queille, J.P. and Sifakis, J.}},
 title = {Specification and verification of concurrent systems in CESAR},
 booktitle = {Proceedings of the 5th Colloquium on International Symposium on Programming},
 year = {1982},
 isbn = {3-540-11494-7},
 pages = {337--351},
 numpages = {15},
 url = {http://portal.acm.org/citation.cfm?id=647325.721668},
 acmid = {721668},
 publisher = {Springer-Verlag},
 address = {London, UK},
} 

@book{Rumbaugh:1991,
  author = {{Rumbaugh, J. and Blaha, M. and Premerlani, W. and Eddy, F. and Lorenson, W.}},
  edition = {1st},
  publisher = {{Prentice Hall, Inc.}},
  title = {{Object-Oriented Modeling and Design}},
  year = {1991}
}

@InProceedings{Sauer:2006,
  author   = {{ Sauer, T. and  Maximini, K.}},
  editor   = { Minor, Mirjam},
  month   = {September},
  year   = {2006},
  pages   = {300-314},
  title   = {Using Workflow Context for Automated Enactment State Tracking},
  booktitle   = {Workshop Proceedings: 8th European Conference on Case-Based Reasoning, ÃlÃ¼deniz/Fethiye, Turkey, Workshop: "Case-based Reasoning and Context Awareness (CACOA 2006)"},
  publisher   = {UniversitÃ¤t Trier, Department of Business Information Systems II},
}

@book{Trakhtenbrot:1973,
  author = {{Trakhtenbrot, B. and Barzdin, Y.}},
  citeulike-article-id = {8971034},
  keywords = {grappa-db},
  priority = {2},
  title = {{Finite Automata: Behavior and Synthesis}},
  year = {1973}
}

@inproceedings{Uchitel:2001,
  author = {{Uchitel, S. and Kramer, J. and Magee, J.}},
  title = {Detecting implied scenarios in message sequence chart specifications},
  booktitle = {Proceedings of the 8th European software engineering conference held jointly with 9th ACM SIGSOFT international symposium on Foundations of software engineering},
  series = {ESEC/FSE-9},
  year = {2001},
  isbn = {1-58113-390-1},
  location = {Vienna, Austria},
  pages = {74--82},
  numpages = {9},
  publisher = {ACM},
  address = {New York, NY, USA},
} 

@inproceedings{Uchitel:2001b,
  author = {{Uchitel, S. and Kramer, J.}},
  title = {A workbench for synthesising behaviour models from scenarios},
  booktitle = {Proceedings of the 23rd International Conference on Software Engineering},
  series = {ICSE '01},
  year = {2001},
  isbn = {0-7695-1050-7},
  location = {Toronto, Ontario, Canada},
  pages = {188--197},
  numpages = {10},
  url = {http://portal.acm.org/citation.cfm?id=381473.381494},
  acmid = {381494},
  publisher = {IEEE Computer Society},
  address = {Washington, DC, USA},
} 

@article{Uchitel:2002,
  author = {{Uchitel, S. and Kramer, J. and Magee, J.}},
  title = {Negative scenarios for implied scenario elicitation},
  journal = {SIGSOFT Softw. Eng. Notes},
  volume = {27},
  issue = {6},
  month = {November},
  year = {2002},
  issn = {0163-5948},
  pages = {109--118},
  numpages = {10},
  publisher = {ACM},
  address = {New York, NY, USA},
}

@Article{Uchitel:2003,
  author =    {{Uchitel, S. and Kramer, J. and Magee, J.}},
  title =    {Synthesis of Behavorial Models from Scenarios},
  journal =  {IEEE Transactions on Software Engineering},
  year =    {2003},
  volume =   {29},
  number =   {2},
  pages =   {99-115},
}

@article{Uchitel:2004,
  author = {{Uchitel, S. and Kramer, J. and Magee, J.}},
  title = {Incremental elaboration of scenario-based specifications and behavior models using implied scenarios},
  journal = {ACM Trans. Softw. Eng. Methodol.},
  volume = {13},
  issue = {1},
  month = {January},
  year = {2004},
  issn = {1049-331X},
  pages = {37--85},
  numpages = {49},
  publisher = {ACM},
  address = {New York, NY, USA},
} 

@inproceedings{Uchitel:2007,
  author = {{Uchitel, S. and Brunet, G. and Chechik, M.}},
  title = {Behaviour Model Synthesis from Properties and Scenarios},
  booktitle = {Proceedings of the 29th international conference on Software Engineering},
  series = {ICSE '07},
  year = {2007},
  isbn = {0-7695-2828-7},
  pages = {34--43},
  numpages = {10},
  publisher = {IEEE Computer Society},
  address = {Washington, DC, USA},
} 

@article{Uchitel:2009,
  author = {{Uchitel, S. and Brunet, G. and Chechik, M.}},
  title = {Synthesis of Partial Behavior Models from Properties and Scenarios},
  journal = {IEEE Trans. Softw. Eng.},
  volume = {35},
  issue = {3},
  month = {May},
  year = {2009},
  issn = {0098-5589},
  pages = {384--406},
  numpages = {23},
  publisher = {IEEE Press},
  address = {Piscataway, NJ, USA},
}

@article{Valiant:1984,
  author = {{Valiant, L.G.}},
  title = {A theory of the learnable},
  journal = {Commun. ACM},
  volume = {27},
  issue = {11},
  month = {November},
  year = {1984},
  issn = {0001-0782},
  pages = {1134--1142},
  numpages = {9},
  publisher = {ACM},
  address = {New York, NY, USA},
}

@article{Vanderaalst:2005,
  author = {{Vanderaalst, W. and Terhofstede, A.}},
  doi = {10.1016/j.is.2004.02.002},
  issn = {03064379},
  journal = {Information Systems},
  month = jun,
  number = {4},
  pages = {245--275},
  title = {{YAWL: yet another workflow language}},
  volume = {30},
  year = {2005}
}

@article{VanDeursen:2000,
  author = {{van Deursen, A. and Klint, P. and Visser, J.}},
  title = {Domain-specific languages: an annotated bibliography},
  journal = {SIGPLAN Not.},
  volume = {35},
  issue = {6},
  month = {June},
  year = {2000},
  issn = {0362-1340},
  pages = {26--36},
  numpages = {11},
  publisher = {ACM},
  address = {New York, NY, USA},
} 

@article{VanLamsweerde:1998,
  author = {{van Lamsweerde, A. and Willemet, L.}},
  journal = {Software Engineering, IEEE Transactions on},
  number = {12},
  pages = {1089--1114},
  title = {{Inferring declarative requirements specifications from operational scenarios}},
  volume = {24},
  year = {1998}
}

@inproceedings{VanLamsweerde:2000,
  author = {{van Lamsweerde, A.}},
  title = {Requirements engineering in the year 00: a research perspective},
  booktitle = {Proceedings of the 22nd international conference on Software engineering},
  series = {ICSE '00},
  year = {2000},
  isbn = {1-58113-206-9},
  location = {Limerick, Ireland},
  pages = {5--19},
  numpages = {15},
  publisher = {ACM},
  address = {New York, NY, USA},
} 

@inproceedings{VanLamsweerde:2004,
  author = {{van Lamsweerde, A.}},
  title = {Goal-Oriented Requirements Enginering: A Roundtrip from Research to Practice},
  booktitle = {Proceedings of the Requirements Engineering Conference, 12th IEEE International},
  year = {2004},
  isbn = {0-7695-2174-6},
  pages = {4--7},
  numpages = {4},
  publisher = {IEEE Computer Society},
  address = {Washington, DC, USA},
}

@book{VanLamsweerde:2009,
  author = {{van Lamsweerde, A.}},
  title = {Requirements Engineering: From System Goals to UML Models to Software Specifications},
  day = {03},
  howpublished = {Paperback},
  isbn = {0470012706},
  month = {March},
  publisher = {Wiley},
  year = {2009}
}

@inproceedings{Walkinshaw:2007,
  author = {{Walkinshaw, N. and Bogdanov, K. and Holcombe, M. and Salahuddin, S.}},
  title = {Reverse Engineering State Machines by Interactive Grammar Inference},
  booktitle = {Proceedings of the 14th Working Conference on Reverse Engineering},
  year = {2007},
  isbn = {0-7695-3034-6},
  pages = {209--218},
  numpages = {10},
  publisher = {IEEE Computer Society},
  address = {Washington, DC, USA},
} 

@inproceedings{Walkinshaw:2008,
  author = {{Walkinshaw, N. and Bogdanov, K. and Johnson, K.}},
  title = {Evaluation and Comparison of Inferred Regular Grammars},
  booktitle = {Proceedings of the 9th international colloquium on Grammatical Inference: Algorithms and Applications},
  series = {ICGI '08},
  year = {2008},
  isbn = {978-3-540-88008-0},
  location = {Saint-Malo, France},
  pages = {252--265},
  numpages = {14},
  publisher = {Springer-Verlag},
  address = {Berlin, Heidelberg},
} 

@book{Ward:1985,
  author = {{Ward, P.T. and Mellor, S.J.}},
  title = {Structured Development for Real-Time Systems},
  year = {1985},
  isbn = {0138546541},
  publisher = {Prentice Hall Professional Technical Reference},
} 

@inproceedings{Wasowski:2003,
  author = {{Wasowski, A.}},
  title = {On efficient program synthesis from statecharts},
  booktitle = {Proceedings of the 2003 ACM SIGPLAN conference on Language, compiler, and tool for embedded systems},
  series = {LCTES '03},
  year = {2003},
  isbn = {1-58113-647-1},
  location = {San Diego, California, USA},
  pages = {163--170},
  numpages = {8},
  publisher = {ACM},
  address = {New York, NY, USA},
} 

@article{Weidenhaupt:1998,
  author = {{Weidenhaupt, K. and Pohl, K. and Jarke, M. and Haumer, P.}},
  journal = {Software, IEEE},
  number = {2},
  pages = {34--45},
  title = {{Scenarios in system development: current practice}},
  volume = {15},
  year = {1998}
}

@inproceedings{Whittle:2000,
  author = {{Whittle, J. and Schumann, J.}},
  booktitle = {ICSE},
  pages = {314-323},
  title = {Generating statechart designs from scenarios.},
  url = {http://dblp.uni-trier.de/db/conf/icse/icse2000.html#WhittleS00},
  year = {2000},
}

@inproceedings{Yu:1993,
  author = {{Yu, E.S.K.}},
  booktitle = {Proceedings of the Requirements Engineering Conference, 1st IEEE International},
  pages = {34--41},
  title = {Modeling organizations for information systems requirements engineering},
  year = {1993},
  publisher = {IEEE Computer Society},
  address = {Washington, DC, USA}
}

@inproceedings{Yu:2005,
  author = {{Yu, Y. and Wang, Y. and Mylopoulos, J. and Liaskos, S. and Lapouchnian, A. and Prado Leite, J.C.S}},
  title = {Reverse Engineering Goal Models from Legacy Code},
  booktitle = {Proceedings of the 13th IEEE International Conference on Requirements Engineering},
  year = {2005},
  isbn = {0-7695-2425-7},
  pages = {363--372},
  numpages = {10},
  publisher = {IEEE Computer Society},
  address = {Washington, DC, USA},
} 


